% Encoding: UTF-8

@Book{Conee2014,
  author    = {Earl Conee and Theodore Sider},
  publisher = {Oxford University Press},
  title     = {Riddles of Existence: A Guided Tour of Metaphysics (Second Edition)},
  year      = {2014},
}

@Article{Johnston2012,
  author    = {Johnston, Alastair Iain},
  journal   = {Annual Review of Political Science},
  title     = {What (if anything) does East Asia tell us about international relations theory?},
  year      = {2012},
  pages     = {53--78},
  volume    = {15},
  publisher = {Annual Reviews},
}

@Article{Yang2010,
  author    = {Yang, Kuisong and Xia, Yafeng},
  journal   = {Diplomatic History},
  title     = {Vacillating between Revolution and D{\'e}tente: Mao's Changing Psyche and Policy toward the United States, 1969--1976},
  year      = {2010},
  number    = {2},
  pages     = {395--423},
  volume    = {34},
  publisher = {Blackwell Publishing Ltd Oxford, UK},
}

@Article{Wang2008,
  author    = {Wang, Zheng},
  journal   = {International Studies Quarterly},
  title     = {National humiliation, history education, and the politics of historical memory: Patriotic education campaign in China},
  year      = {2008},
  number    = {4},
  pages     = {783--806},
  volume    = {52},
  publisher = {Blackwell Publishing Ltd Oxford, UK},
}

@Unpublished{Strange2022,
  author = {Professor Austin Strange},
  title  = {Lecture China and the World at the University of Hong Kong},
  year   = {2022},
}

@Misc{InternationalMonetaryFund2021,
  author       = {International Monetary Fund, IMF},
  howpublished = {Online},
  note         = {Retrieved Feb, 23 2022},
  title        = {World Economic Outlook Database},
  year         = {2021},
  url          = {https://www.imf.org/en/Publications/WEO/weo-database/2020/October/weo-report?c=924,532,158,542,546,948,528,&s=NGDPD,PPPGDP,NGDPDPC,PPPPC,&sy=2020&ey=2025&ssm=0&scsm=1&scc=0&ssd=1&ssc=0&sic=0&sort=country&ds=.&br=1},
}


%% ProbML Lecture by Philipp

@TechReport{Buehlmaier2022,
  author      = {Matthias Buehlmaier},
  institution = {The University of Hong Kong},
  title       = {Text Analytics and Natural Language Processing in Finance and Fintech},
  year        = {2022},
  type        = {Lecture course},
}

@Book{bird2009natural,
  author    = {Bird, Steven and Klein, Ewan and Loper, Edward},
  publisher = {" O'Reilly Media, Inc."},
  title     = {Natural language processing with Python: analyzing text with the natural language toolkit},
  year      = {2009},
}

@Comment{jabref-meta: databaseType:bibtex;}
