% Encoding: UTF-8


@incollection{vogt2008automatic,
	title={Automatic recognition of emotions from speech: a review of the literature and recommendations for practical realisation},
	author={Vogt, Thurid and Andr{\'e}, Elisabeth and Wagner, Johannes},
	booktitle={Affect and emotion in human-computer interaction},
	pages={75--91},
	year={2008},
	publisher={Springer}
}
% good graphics and  tables
@article{HARTMANN2013288,
	title = "Emotion Detection in HCI: From Speech Features to Emotion Space",
	journal = "IFAC Proceedings Volumes",
	volume = "46",
	number = "15",
	pages = "288 - 295",
	year = "2013",
	note = "12th IFAC Symposium on Analysis, Design, and Evaluation of Human-Machine Systems",
	issn = "1474-6670",
	doi = "https://doi.org/10.3182/20130811-5-US-2037.00049",
	url = "http://www.sciencedirect.com/science/article/pii/S1474667016330786",
	author = "Kim Hartmann and Ingo Siegert and David Philippou-HÃ¼bner and Andreas Wendemuth",
	keywords = "Emotion detection, HCI, Emotion modelling, Feature Selection, PAD space, Mathematical Modelling"
}
% references by Hartmann
@article{murray1993toward,
	title={Toward the simulation of emotion in synthetic speech: A review of the literature on human vocal emotion},
	author={Murray, Iain R and Arnott, John L},
	journal={The Journal of the Acoustical Society of America},
	volume={93},
	number={2},
	pages={1097--1108},
	year={1993},
	publisher={ASA}
}
%referenced by Baayen. Overview, Disciplines involved in the research of speech recognition
@misc{moore2008introduction,
	title={Introduction. The perception of speech: from sound to meaning},
	author={Moore, Brian CJ and Tyler, Lorraine K and Marslen-Wilson, William},
	year={2008},
	publisher={The Royal Society}
}
% aspects necessary for humans to process speech
@article{moore2008basic,
	title={Basic auditory processes involved in the analysis of speech sounds},
	author={Moore, Brian CJ},
	journal={Philosophical Transactions of the Royal Society of London B: Biological Sciences},
	volume={363},
	number={1493},
	pages={947--963},
	year={2008},
	publisher={The Royal Society}
}
% Baayen Paper 
@article{shafaei2018wide,
	title={Wide learning for auditory comprehension},
	author={Shafaei-Bajestan, Elnaz and Baayen, R Harald},
	journal={Proc. Interspeech 2018},
	pages={966--970},
	year={2018}
}
%phonetic developement over age
%cited in Moore
@article{kuhl2008phonetic,
	title={Phonetic learning as a pathway to language: new data and native language magnet theory expanded (NLM-e)},
	author={Kuhl, Patricia K and Conboy, Barbara T and Coffey-Corina, Sharon and Padden, Denise and Rivera-Gaxiola, Maritza and Nelson, Tobey},
	journal={Philosophical Transactions of the Royal Society of London B: Biological Sciences},
	volume={363},
	number={1493},
	pages={979--1000},
	year={2008},
	publisher={The Royal Society}
}
%multimodal speech perception 
%referred by moore
@article{campbell2008processing,
	title={The processing of audio-visual speech: empirical and neural bases},
	author={Campbell, Ruth},
	journal={Philosophical Transactions of the Royal Society of London B: Biological Sciences},
	volume={363},
	number={1493},
	pages={1001--1010},
	year={2008},
	publisher={The Royal Society}
}
%McGurk effect cited in moore
@article{mcgurk1976hearing,
	title={Hearing lips and seeing voices},
	author={McGurk, Harry and MacDonald, John},
	journal={Nature},
	volume={264},
	number={5588},
	pages={746},
	year={1976},
	publisher={Nature Publishing Group}
}
%Eber

@Article{eber,
  author    = {Eber, N. P. and Nielsen, H. Birk},
  journal   = {In Visual and audio-visual Perception of Speech},
  title     = {Hearing lips and seeing voices},
  year      = {1976},
  pages     = {12--30},
  publisher = {Stockholm, Sweden: Almquist and Wiksell},
}
%real vs. acted emotion recognition 
@inproceedings{Wilting2006RealVA,
	title={Real vs. acted emotional speech},
	author={Janneke Wilting and Emiel Krahmer and Marc Swerts},
	booktitle={INTERSPEECH},
	year={2006}
}
%real vs. acted emotion recognition 
@article{velten1968laboratory,
	title={A laboratory task for induction of mood states},
	author={Velten Jr, Emmett},
	journal={Behaviour research and therapy},
	volume={6},
	number={4},
	pages={473--482},
	year={1968},
	publisher={Elsevier}
}
% Nyquist criterion
@article{kester2009nyquist,
	title={What the Nyquist criterion means to your sampled data system design},
	author={Kester, Walt},
	journal={Analog Devices},
	pages={4--6},
	year={2009}
}

% CNN
@incollection{NIPS2012_4824,
	title = {ImageNet Classification with Deep Convolutional Neural Networks},
	author = {Alex Krizhevsky and Sutskever, Ilya and Hinton, Geoffrey E},
	booktitle = {Advances in Neural Information Processing Systems 25},
	editor = {F. Pereira and C. J. C. Burges and L. Bottou and K. Q. Weinberger},
	pages = {1097--1105},
	year = {2012},
	publisher = {Curran Associates, Inc.},
	url = {http://papers.nips.cc/paper/4824-imagenet-classification-with-deep-convolutional-neural-networks.pdf}
}
% SVM
@Article{Smola2004,
	author="Smola, Alex J.
	and Sch{\"o}lkopf, Bernhard",
	title="A tutorial on support vector regression",
	journal="Statistics and Computing",
	year="2004",
	month="Aug",
	day="01",
	volume="14",
	number="3",
	pages="199--222",
	abstract="In this tutorial we give an overview of the basic ideas underlying Support Vector (SV) machines for function estimation. Furthermore, we include a summary of currently used algorithms for training SV machines, covering both the quadratic (or convex) programming part and advanced methods for dealing with large datasets. Finally, we mention some modifications and extensions that have been applied to the standard SV algorithm, and discuss the aspect of regularization from a SV perspective.",
	issn="1573-1375",
	doi="10.1023/B:STCO.0000035301.49549.88",
	url="https://doi.org/10.1023/B:STCO.0000035301.49549.88"
}
% RAVDESS Audio database
@article{livingstone2018ryerson,
	title={The Ryerson Audio-Visual Database of Emotional Speech and Song (RAVDESS): A dynamic, multimodal set of facial and vocal expressions in North American English},
	author={Livingstone, Steven R and Russo, Frank A},
	journal={PloS one},
	volume={13},
	number={5},
	pages={e0196391},
	year={2018},
	publisher={Public Library of Science}
}
% medium article: sound prcessing with deep learning

@incollection{geitgey2016,
	title={How to do Speech Recognition with Deep Learning},
	author={Adam Geitgey},
	year = {2016},
	url={https://medium.com/@ageitgey/machine-learning-is-fun-part-6-how-to-do-speech-recognition-with-deep-learning-28293c162f7a}
}

@incollection{von2011statistical,
	title={Statistical learning theory: Models, concepts, and results},
	author={Von Luxburg, Ulrike and Sch{\"o}lkopf, Bernhard},
	booktitle={Handbook of the History of Logic},
	volume={9},
	pages={321--361},
	year={2011},
	publisher={Elsevier}
}

@book{Goodfellow-et-al-2016,
	title={Deep Learning},
	author={Ian Goodfellow and Yoshua Bengio and Aaron Courville},
	publisher={MIT Press},
	note={\url{http://www.deeplearningbook.org}},
	year={2016}
}

@incollection{ben2010user,
	title={A user’s guide to support vector machines},
	author={Ben-Hur, Asa and Weston, Jason},
	booktitle={Data mining techniques for the life sciences},
	pages={223--239},
	year={2010},
	publisher={Springer}
}

@book{bishop2006pattern,
	author={Bishop, C.M.},
	biburl={https://www.bibsonomy.org/bibtex/2da4cb0f072a2671bf03b617d5001376c/folke},
	publisher={Springer New York},
	title={Pattern recognition and machine learning},
	url={http://scholar.google.com/scholar.bib?q=info:jYxggZ6Ag1YJ:scholar.google.com/&output=citation&hl=en&as_sdt=0,5&as_vis=1&ct=citation&cd=0},
	volume={4},
	year={2006}
}
@incollection{tensorFlow,
	title={TensorFlow as an Open Source Framework for Machine Learning},
	author={Deep Mind},
	year = {2016},
	url={https://www.tensorflow.org/}
}
@article{scikit-learn,
	title={Scikit-learn: Machine Learning in {P}ython},
	author={Pedregosa, F. and Varoquaux, G. and Gramfort, A. and Michel, V.
	and Thirion, B. and Grisel, O. and Blondel, M. and Prettenhofer, P.
	and Weiss, R. and Dubourg, V. and Vanderplas, J. and Passos, A. and
	Cournapeau, D. and Brucher, M. and Perrot, M. and Duchesnay, E.},
	journal={Journal of Machine Learning Research},
	volume={12},
	pages={2825--2830},
	year={2011}
}

%Adam
@article{kingma2014adam,
	title={Adam: A method for stochastic optimization},
	author={Kingma, Diederik P and Ba, Jimmy},
	journal={arXiv preprint arXiv:1412.6980},
	year={2014}
}

@incollection{mnist,
	title={MNIST database of handwritten digits},
	author={Yann LeCun},
	url={http://yann.lecun.com/exdb/mnist/}
}

@book{DBLP:series/sci/2012-385,
	author    = {Alex Graves},
	title     = {Supervised Sequence Labelling with Recurrent Neural Networks},
	series    = {Studies in Computational Intelligence},
	volume    = {385},
	publisher = {Springer},
	year      = {2012},
	isbn      = {978-3-642-24796-5},
	timestamp = {Tue, 16 May 2017 14:24:36 +0200}
}

@article{mosley2013balanced,
	title={A balanced approach to the multi-class imbalance problem},
	author={Mosley, Lawrence},
	year={2013}
}
@book{steinwart2008support,
	title={Support vector machines},
	author={Steinwart, Ingo and Christmann, Andreas},
	year={2008},
	publisher={Springer Science \& Business Media}
}
@Comment{jabref-meta: databaseType:bibtex;}
