% Encoding: UTF-8

@Book{Rasmussen2006,
  title     = {Gaussian Processes for Machine Learning},
  publisher = {The MIT Press},
  year      = {2006},
  author    = {Rasmussen, Carl Edward and Williams, Christopher K. I.},
}

@Book{Nocedal2006,
  author    = {Nocedal, Jorge and Wright, Stephen},
  title     = {Numerical optimization},
  year      = {2006},
  publisher = {Springer Science \& Business Media}
}

@Article{Higham2019,
  author  = {Nicholas J. Higham and Theo Mary},
  journal = {SIAM Journal on Scientific Computing},
  title   = {A New Approach to Probabilistic Rounding Error Analysis},
  year    = {2019},
  number  = {5},
  pages   = {A2815-A2835},
  volume  = {41},
  doi     = {10.1137/18M1226312},
}

@Article{Cockayne2019,
  author  = {Cockayne, Jon and Oates, Chris and Ipsen, Ilse C. and Girolami, Mark},
  title   = {A {B}ayesian Conjugate Gradient Method},
  journal = {Bayesian Analysis},
  year    = {2019},
  volume  = {14},
  number  = {3},
  pages   = {937-1012},
}

@Article{Hennig2015,
  author  = {Hennig, Philipp},
  title   = {Probabilistic Interpretation of Linear Solvers},
  journal = {SIAM Journal on Optimization},
  year    = {2015},
  volume  = {25},
  number  = {1},
  pages   = {234-260},
}

@Book{MacKay2003,
  title     = {Information theory, inference and learning algorithms},
  publisher = {Cambridge university press},
  year      = {2003},
  author    = {MacKay, David JC},
}

@Book{Golub2013,
  title     = {Matrix Computations},
  publisher = {JHU Press},
  year      = {2013},
  author    = {Golub, Gene H. and van Loan, Charles F.},
  edition   = {Fourth},
}

@book{Higham2002,
 author = {Higham, Nicholas J.},
 title = {Accuracy and Stability of Numerical Algorithms},
 year = {2002},
 isbn = {0898715210},
 edition = {2nd},
 publisher = {Society for Industrial and Applied Mathematics},
 address = {Philadelphia, PA, USA},
}

@Article{Oates2019,
  author  = {Oates, Chris and Sullivan, TJ},
  journal = {Statistics and Computing},
  title   = {A modern retrospective on probabilistic numerics},
  year    = {2019},
  month   = {10},
}

@Article{Hestenes1952,
  author  = {Hestenes, Magnus Rudolph and Stiefel, Eduard},
  journal = {Journal of Research of the National Bureau of Standards},
  title   = {Methods of conjugate gradients for solving linear systems},
  year    = {1952},
  volume  = {49},
}

@Article{Fletcher1964,
  author  = {Fletcher, R. and Reeves, C. M.},
  journal = {The Computer Journal},
  title   = {{Function minimization by conjugate gradients}},
  year    = {1964},
  issn    = {0010-4620},
  month   = {01},
  number  = {2},
  pages   = {149-154},
  volume  = {7},
}

@Article{Hennig2015a,
  author  = {Hennig, Philipp and Osborne, Mike A. and Girolami, Mark},
  journal = {Proceedings of the Royal Society of London A: Mathematical, Physical and Engineering Sciences},
  title   = {Probabilistic numerics and uncertainty in computations},
  year    = {2015},
  number  = {2179},
  volume  = {471},
}

@Article{Hager2006,
  author  = {Hager, William W and Zhang, Hongchao},
  title   = {A survey of nonlinear conjugate gradient methods},
  journal = {Pacific journal of Optimization},
  year    = {2006},
  volume  = {2},
  number  = {1},
  pages   = {35--58},
}

@Article{Said2017,
  author    = {Said, Salem and Bombrun, Lionel and Berthoumieu, Yannick and Manton, Jonathan H},
  journal   = {IEEE Transactions on Information Theory},
  title     = {Riemannian {G}aussian distributions on the space of symmetric positive definite matrices},
  year      = {2017},
  number    = {4},
  pages     = {2153--2170},
  volume    = {63},
  publisher = {IEEE},
}

@TechReport{Conrad2008,
  author      = {Keith T. Conrad},
  title       = {The minimal polynomial and some applications},
  institution = {University of Connecticut},
  year        = {2008},
  pages       = {14},
}

@InProceedings{Martens2010,
  author    = {Martens, James},
  booktitle = {Proceedings of the 27th International Conference on Machine Learning (ICML)},
  title     = {Deep Learning via {H}essian-free Optimization},
  year      = {2010},
}

@Book{Gupta2000,
  title     = {Matrix variate distributions},
  publisher = {Chapman and Hall/CRC},
  year      = {2000},
  author    = {Gupta, Arjun K and Nagar, Daya K},
}

@Article{Paige1972,
  author    = {Paige, Christopher C},
  title     = {Computational variants of the {L}anczos method for the eigenproblem},
  journal   = {IMA Journal of Applied Mathematics},
  year      = {1972},
  volume    = {10},
  number    = {3},
  pages     = {373--381},
  publisher = {Oxford University Press},
}

@Article{Simon1984,
  author    = {Simon, Horst D},
  title     = {Analysis of the symmetric {L}anczos algorithm with reorthogonalization methods},
  journal   = {Linear algebra and its applications},
  year      = {1984},
  volume    = {61},
  pages     = {101--131},
  publisher = {Elsevier},
}

@Book{Lanczos1950,
  title     = {An iteration method for the solution of the eigenvalue problem of linear differential and integral operators},
  publisher = {United States Government Press Office Los Angeles, CA},
  year      = {1950},
  author    = {Lanczos, Cornelius},
}

@Article{Girolami2019,
  author        = {{Girolami}, Mark and {Gregory}, Alastair and {Yin}, Ge and {Cirak}, Fehmi},
  journal       = {arXiv pre-print},
  title         = {{The Statistical Finite Element Method}},
  year          = {2019},
  month         = {May},
  archiveprefix = {arXiv},
  eid           = {arXiv:1905.06391},
  eprint        = {1905.06391},
  keywords      = {Statistics - Methodology, Mathematics - Numerical Analysis},
  primaryclass  = {stat.ME},
}

@Book{Bogachev1998,
  title     = {Gaussian measures},
  publisher = {American Mathematical Society},
  year      = {1998},
  author    = {Bogachev, Vladimir Igorevich},
  volume    = {62},
  series    = {Mathematical Surveys and Monographs},
}

@Article{Cockayne2019a,
  author    = {Cockayne, Jon and Oates, Chris and Sullivan, TJ and Girolami, Mark},
  title     = {Bayesian probabilistic numerical methods},
  journal   = {SIAM Review},
  year      = {2019},
  volume    = {61},
  number    = {4},
  pages     = {756--789},
  publisher = {SIAM},
}

@Article{Bartels2019,
  author    = {Bartels, Simon and Cockayne, Jon and Ipsen, Ilse CF and Hennig, Philipp},
  title     = {Probabilistic linear solvers: {A} unifying view},
  journal   = {Statistics and Computing},
  year      = {2019},
  volume    = {29},
  number    = {6},
  pages     = {1249--1263},
  publisher = {Springer},
}

@TechReport{Schoen2011,
  author      = {Thomas B. Schön and Fredrik Lindsten},
  title       = {Manipulating the multivariate {G}aussian density},
  institution = {Linköping University},
  year        = {2011},
  pages       = {10},
}

@Article{Drineas2016,
  author    = {Drineas, Petros and Mahoney, Michael W},
  title     = {Rand{NLA}: randomized numerical linear algebra},
  journal   = {Communications of the ACM},
  year      = {2016},
  volume    = {59},
  number    = {6},
  pages     = {80--90},
  publisher = {ACM},
}

@Article{Hennig2013,
  author  = {Hennig, Philipp and Kiefel, Martin},
  title   = {{Q}uasi-{N}ewton method: {A} new direction},
  journal = {Journal of Machine Learning Research},
  year    = {2013},
  volume  = {14},
  number  = {Mar},
  pages   = {843--865},
}

@Article{Alnes2015,
  author  = {Aln{\ae}s, Martin and Blechta, Jan and Hake, Johan and Johansson, August and Kehlet, Benjamin and Logg, Anders and Richardson, Chris and Ring, Johannes and Rognes, Marie E and Wells, Garth N},
  title   = {The {FE}ni{CS} project version 1.5},
  journal = {Archive of Numerical Software},
  year    = {2015},
  volume  = {3},
  number  = {100},
}

@InProceedings{Dangel2020,
  author    = {Felix Dangel and Frederik Kunstner and Philipp Hennig},
  booktitle = {Proceedings of the International Conference on Learning Representations (ICLR)},
  title     = {Back{PACK}: Packing more into Backprop},
  year      = {2020},
}

@InProceedings{LeCun1998,
  author    = {LeCun, Yann and Bottou, Léon and Bengio, Yoshua and Haffner, Patrick},
  title     = {Gradient-Based Learning Applied to Document Recognition},
  booktitle = {Proceedings of the IEEE},
  year      = {1998},
  volume    = {86/11},
  pages     = {2278--2324},
}

@TechReport{Krizhevsky2009,
  author      = {Krizhevsky, Alex},
  title       = {Learning Multiple Layers of Features from Tiny Images},
  institution = {University of Toronto},
  year        = {2009},
}

@Article{Gittens2016,
  author     = {Gittens, Alex and Mahoney, Michael W.},
  title      = {Revisiting the {N}ystr\"{o}m Method for Improved Large-Scale Machine Learning},
  journal    = {Journal of Machine Learning Research},
  year       = {2016},
  volume     = {17},
  number     = {1},
  pages      = {3977–4041},
  month      = jan,
  issue_date = {January 2016},
  keywords   = {kernel methods, randomized algorithms, low-rank approximation, Nystr\"{o}m approximation, numerical linear algebra},
  numpages   = {65},
  publisher  = {JMLR.org},
}

@Article{Dennis1977,
  author    = {Dennis, Jr, John E and Mor{\'e}, Jorge J},
  journal   = {SIAM review},
  title     = {{Q}uasi-{N}ewton methods, motivation and theory},
  year      = {1977},
  number    = {1},
  pages     = {46--89},
  volume    = {19},
  publisher = {SIAM},
}

@Article{Nazareth1979,
  author    = {Larry Nazareth},
  title     = {A Relationship between the {BFGS} and Conjugate Gradient Algorithms and its Implications for New Algorithms},
  journal   = {SIAM Journal on Numerical Analysis},
  year      = {1979},
  volume    = {16},
  number    = {5},
  pages     = {794--800},
  publisher = {Society for Industrial and Applied Mathematics},
}

@Book{Luenberger1973,
  title     = {Introduction to Linear and Nonlinear Programming},
  publisher = {Addison-Wesley Publishing Company},
  year      = {1973},
  author    = {Luenberger, D.G.},
}

@Book{Trefethen1997,
  author    = {Trefethen, Lloyd N. and Bau, David},
  publisher = {Society for Industrial and Applied Mathematics},
  title     = {Numerical Linear Algebra},
  year      = {1997},
}

@InProceedings{Bartels2016,
  author    = {Simon Bartels and Philipp Hennig},
  booktitle = {Proceedings of the 20th International Conference on Artificial Intelligence and Statistics (AISTATS)},
  title     = {Probabilistic Approximate Least-Squares},
  year      = {2016},
  address   = {Cadiz, Spain},
  month     = {09--11 May},
  pages     = {676--684},
  publisher = {PMLR},
  series    = {Proceedings of Machine Learning Research},
  volume    = {51},
}

@Book{Saad1992,
  title     = {Numerical methods for large eigenvalue problems},
  publisher = {Manchester University Press},
  year      = {1992},
  author    = {Saad, Youcef},
}

@InCollection{Paszke2019,
  author    = {Paszke, Adam and Gross, Sam and Massa, Francisco and Lerer, Adam and Bradbury, James and Chanan, Gregory and Killeen, Trevor and Lin, Zeming and Gimelshein, Natalia and Antiga, Luca and Desmaison, Alban and Kopf, Andreas and Yang, Edward and DeVito, Zachary and Raison, Martin and Tejani, Alykhan and Chilamkurthy, Sasank and Steiner, Benoit and Fang, Lu and Bai, Junjie and Chintala, Soumith},
  title     = {PyTorch: An Imperative Style, High-Performance Deep Learning Library},
  booktitle = {Advances in Neural Information Processing Systems 32},
  publisher = {Curran Associates, Inc.},
  year      = {2019},
  pages     = {8024--8035},
}

@InProceedings{Roos2019,
  author    = {Filip de Roos and Philipp Hennig},
  booktitle = {Proceedings of the 20th International Conference on Artificial Intelligence and Statistics (AISTATS)},
  title     = {Active Probabilistic Inference on Matrices for Pre-Conditioning in Stochastic Optimization},
  year      = {2019},
}

@Article{Owhadi2019,
  author  = {Owhadi, Houman and Scovel, Clint and Schäfer, Florian},
  title   = {Statistical Numerical Approximation},
  journal = {Notices of the American Mathematical Society},
  year    = {2019},
  volume  = {66},
  pages   = {1},
  month   = {11},
}

@Article{Carleo2019,
  author    = {Carleo, Giuseppe and Cirac, Ignacio and Cranmer, Kyle and Daudet, Laurent and Schuld, Maria and Tishby, Naftali and Vogt-Maranto, Leslie and Zdeborov{\'a}, Lenka},
  title     = {Machine learning and the physical sciences},
  journal   = {Reviews of Modern Physics},
  year      = {2019},
  volume    = {91},
  number    = {4},
  pages     = {045002},
  publisher = {APS},
}

@Article{Parks2006,
  author    = {Parks, Michael L and De Sturler, Eric and Mackey, Greg and Johnson, Duane D and Maiti, Spandan},
  title     = {Recycling {K}rylov subspaces for sequences of linear systems},
  journal   = {SIAM Journal on Scientific Computing},
  year      = {2006},
  volume    = {28},
  number    = {5},
  pages     = {1651--1674},
  publisher = {SIAM},
}

<<<<<<< HEAD

@Article{Pearlmutter1994,
  author    = {Pearlmutter, Barak A},
  journal   = {Neural Computation},
  title     = {Fast exact multiplication by the {H}essian},
  year      = {1994},
  number    = {1},
  pages     = {147--160},
  volume    = {6},
  publisher = {MIT Press},
}

@Book{Levy1925,
  title     = {Calcul des probabilit{\'e}s},
  publisher = {J. Gabay},
  year      = {1925},
  author    = {L{\'e}vy, Paul},
}

@Article{Roos2017,
  author        = {Filip de Roos and Philipp Hennig},
  journal       = {arXiv pre-print},
  title         = {Krylov Subspace Recycling for Fast Iterative Least-Squares in Machine Learning},
  year          = {2017},
  archiveprefix = {arXiv},
  eprint        = {1706.00241},
  url           = {http://arxiv.org/abs/1706.00241},
}

@Article{Loan2000,
  author    = {Van Loan, Charles F},
  journal   = {Journal of Computational and Applied Mathematics},
  title     = {The ubiquitous {K}ronecker product},
  year      = {2000},
  number    = {1-2},
  pages     = {85--100},
  volume    = {123},
  publisher = {Elsevier},
}

@Article{Henderson1981,
  author    = {Henderson, Harold V and Searle, Shayle R},
  journal   = {Linear and multilinear algebra},
  title     = {The vec-permutation matrix, the vec operator and {K}ronecker products: A review},
  year      = {1981},
  number    = {4},
  pages     = {271--288},
  volume    = {9},
  publisher = {Taylor \& Francis},
}

@Article{OHagan1992,
  author  = {O'Hagan, A.},
  title   = {Some {B}ayesian numerical analysis},
  journal = {Bayesian Statistics},
  year    = {1992},
  volume  = {4},
  pages   = {345-363},
}

@Article{Diaconis1988,
  author  = {Diaconis, Persi},
  title   = {Bayesian numerical analysis},
  journal = {Statistical Decision Theory and Related Topics IV},
  year    = {1988},
  volume  = {1},
  pages   = {163-175},
}

@Article{Larkin1969,
  author    = {Larkin, FM},
  title     = {Estimation of a non-negative function},
  journal   = {BIT Numerical Mathematics},
  year      = {1969},
  volume    = {9},
  number    = {1},
  pages     = {30--52},
  publisher = {Springer},
}

@Article{Alizadeh1998,
  author    = {Alizadeh, Farid and Haeberly, Jean-Pierre A and Overton, Michael L},
  title     = {Primal-dual interior-point methods for semidefinite programming: convergence rates, stability and numerical results},
  journal   = {SIAM Journal on Optimization},
  year      = {1998},
  volume    = {8},
  number    = {3},
  pages     = {746--768},
  publisher = {SIAM},
}

@TechReport{Schaecke2013,
  author      = {Schäcke, Kathrin},
  institution = {University of Waterloo},
  title       = {On the {K}ronecker Product},
  year        = {2013},
  school      = {University of Waterloo},
}

@Book{Wesseling2004,
  title     = {An Introduction to Multigrid Methods},
  publisher = {R.T. Edwards},
  year      = {2004},
  author    = {Wesseling, P.},
}

@InProceedings{Broderick2013,
  author    = {Broderick, Tamara and Boyd, Nicholas and Wibisono, Andre and Wilson, Ashia C and Jordan, Michael I},
  booktitle = {Advances in Neural Information Processing Systems (NeurIPS)},
  title     = {Streaming variational {B}ayes},
  year      = {2013},
  pages     = {1727--1735},
}

@Article{Wainwright2008,
  author  = {Wainwright, Martin and Jordan, Michael},
  journal = {Foundations and Trends in Machine Learning},
  title   = {Graphical Models, Exponential Families, and Variational Inference},
  year    = {2008},
  month   = {01},
  pages   = {1-305},
  volume  = {1},
}

@InProceedings{Vapnik1991,
  author    = {Vapnik, Vladimir},
  booktitle = {Advances in Neural Information Processing Systems (NeurIPS)},
  title     = {Principles of Risk Minimization for Learning Theory},
  year      = {1991},
}

@Article{Byrd2016,
  author    = {Byrd, Richard H and Hansen, Samantha L and Nocedal, Jorge and Singer, Yoram},
  journal   = {SIAM Journal on Optimization},
  title     = {A stochastic quasi-{N}ewton method for large-scale optimization},
  year      = {2016},
  number    = {2},
  pages     = {1008--1031},
  volume    = {26},
  publisher = {SIAM},
}

@Book{Chung1997,
  author    = {Chung, Fan RK and Graham, Fan Chung},
  publisher = {American Mathematical Society},
  title     = {Spectral graph theory},
  year      = {1997},
}

@Article{VonLuxburg2007,
  author    = {Von Luxburg, Ulrike},
  journal   = {Statistics and Computing},
  title     = {A tutorial on spectral clustering},
  year      = {2007},
  number    = {4},
  pages     = {395--416},
  volume    = {17},
  publisher = {Springer},
}

@Article{Zhang2018,
  author  = {Cheng Zhang and Judith B{\"u}tepage and Hedvig Kjellstr{\"o}m and Stephan Mandt},
  title   = {Advances in Variational Inference},
  journal = {IEEE Transactions on Pattern Analysis and Machine Intelligence (TPAMI)},
  year    = {2018},
}

@Article{Hoffman2013,
  author    = {Hoffman, Matthew D and Blei, David M and Wang, Chong and Paisley, John},
  journal   = {The Journal of Machine Learning Research},
  title     = {Stochastic variational inference},
  year      = {2013},
  number    = {1},
  pages     = {1303--1347},
  volume    = {14},
  publisher = {JMLR. org},
}

@Article{Blei2017,
  author       = {Blei, David M and Kucukelbir, Alp and McAuliffe, Jon D},
  title        = {Variational inference: A review for statisticians},
  volume       = {112},
  number       = {518},
  pages        = {859--877},
  year         = {2017},
  journal      = {Journal of the American Statistical Association},
  publisher    = {Taylor \& Francis},
}

@InProceedings{Honkela2003,
  author    = {Honkela, Antti and Valpola, Harri},
  booktitle = {Proceedings of the 4th International Symposium on Independent Component Analysis and Blind Signal Separation},
  title     = {On-line variational {B}ayesian learning},
  year      = {2003},
  pages     = {803--808},
}

@Article{Jordan1999,
  author    = {Jordan, Michael I and Ghahramani, Zoubin and Jaakkola, Tommi S and Saul, Lawrence K},
  journal   = {Machine learning},
  title     = {An introduction to variational methods for graphical models},
  year      = {1999},
  number    = {2},
  pages     = {183--233},
  volume    = {37},
  publisher = {Springer},
}

@InProceedings{Regier2017,
  author    = {Regier, Jeffrey and Jordan, Michael I. and McAuliffe, Jon},
  booktitle = {Advances in Neural Information Processing Systems (NeurIPS)},
  title     = {Fast Black-Box Variational Inference through Stochastic Trust-Region Optimization},
  year      = {2017},
}

@InProceedings{Fan2015,
  author    = {Fan, Kai and Wang, Ziteng and Beck, Jeff and Kwok, James and Heller, Katherine A},
  booktitle = {Advances in Neural Information Processing Systems},
  title     = {Fast second order stochastic backpropagation for variational inference},
  year      = {2015},
}

@InProceedings{Honkela2007,
  author       = {Honkela, Antti and Tornio, Matti and Raiko, Tapani and Karhunen, Juha},
  booktitle    = {International Conference on Neural Information Processing (ICONIP)},
  title        = {Natural conjugate gradient in variational inference},
  year         = {2007},
  organization = {Springer},
  pages        = {305--314},
}

@Article{Honkela2010,
  author  = {Honkela, Antti and Raiko, Tapani and Kuusela, Mikael and Tornio, Matti and Karhunen, Juha},
  journal = {Journal of Machine Learning Research},
  title   = {Approximate {R}iemannian conjugate gradient learning for fixed-form variational {B}ayes},
  year    = {2010},
  pages   = {3235--3268},
  volume  = {11},
}

@Article{Sato2001,
  author    = {Sato, Masa-Aki},
  journal   = {Neural computation},
  title     = {Online model selection based on the variational {B}ayes},
  year      = {2001},
  number    = {7},
  pages     = {1649--1681},
  volume    = {13},
  publisher = {MIT Press},
}

@Article{Kucukelbir2017,
  author    = {Kucukelbir, Alp and Tran, Dustin and Ranganath, Rajesh and Gelman, Andrew and Blei, David M},
  journal   = {The Journal of Machine Learning Research},
  title     = {Automatic differentiation variational inference},
  year      = {2017},
  number    = {1},
  pages     = {430--474},
  volume    = {18},
  publisher = {JMLR. org},
}

@Article{Pothen1990,
  author    = {Pothen, Alex and Simon, Horst D and Liou, Kang-Pu},
  journal   = {SIAM Journal on Matrix Analysis and Applications},
  title     = {Partitioning sparse matrices with eigenvectors of graphs},
  year      = {1990},
  number    = {3},
  pages     = {430--452},
  volume    = {11},
  publisher = {SIAM},
}

@InProceedings{Christiano2011,
  author    = {Christiano, Paul and Kelner, Jonathan A and Madry, Aleksander and Spielman, Daniel A and Teng, Shang-Hua},
  booktitle = {Proceedings of the 43rd annual ACM Symposium on Theory of Computing},
  title     = {Electrical flows, {L}aplacian systems, and faster approximation of maximum flow in undirected graphs},
  year      = {2011},
  pages     = {273--282},
}

@Article{Livne2012,
  author    = {Livne, Oren E and Brandt, Achi},
  journal   = {SIAM Journal on Scientific Computing},
  title     = {Lean algebraic multigrid ({LAMG}): Fast graph {L}aplacian linear solver},
  year      = {2012},
  number    = {4},
  pages     = {B499--B522},
  volume    = {34},
  publisher = {SIAM},
}

@InProceedings{Spielman2010,
  author       = {Spielman, Daniel A},
  booktitle    = {Proceedings of the International Congress of Mathematicians (ICM)},
  title        = {Algorithms, graph theory, and linear equations in {L}aplacian matrices},
  year         = {2010},
  organization = {World Scientific},
  pages        = {2698--2722},
}

@Article{Cohen2014,
  author        = {Michael B. Cohen and Rasmus Kyng and Jakub W. Pachocki and Richard Peng and Anup Rao},
  journal       = {arXiv pre-print},
  title         = {Preconditioning in Expectation},
  year          = {2014},
  archiveprefix = {arXiv},
  eprint        = {1401.6236},
  primaryclass  = {cs.DS},
}

@Book{Zienkiewicz1977,
  author    = {Zienkiewicz, Olgierd Cecil and Taylor, Robert Leroy and Nithiarasu, Perumal and Zhu, JZ},
  publisher = {McGraw-hill London},
  title     = {The finite element method},
  year      = {1977},
  volume    = {3},
}

@Book{Hackbusch2013,
  author    = {Hackbusch, Wolfgang},
  publisher = {Springer Science \& Business Media},
  title     = {Multi-grid methods and applications},
  year      = {2013},
  volume    = {4},
}

@InProceedings{Schulman2015,
  author    = {Schulman, John and Levine, Sergey and Abbeel, Pieter and Jordan, Michael and Moritz, Philipp},
  booktitle = {Proceedings of the International Conference on Machine Learning (ICML)},
  title     = {Trust region policy optimization},
  year      = {2015},
  pages     = {1889--1897},
}

@InProceedings{Rajeswaran2017,
  author    = {Rajeswaran, Aravind and Lowrey, Kendall and Todorov, Emanuel V and Kakade, Sham M},
  booktitle = {Advances in Neural Information Processing Systems (NeurIPS)},
  title     = {Towards generalization and simplicity in continuous control},
  year      = {2017},
  pages     = {6550--6561},
}

@InProceedings{Kakade2002,
  author    = {Kakade, Sham M},
  booktitle = {Advances in Neural Information Processing Systems (NeurIPS)},
  title     = {A natural policy gradient},
  year      = {2002},
  pages     = {1531--1538},
}

@Article{Kaelbling1996,
  author  = {Kaelbling, Leslie Pack and Littman, Michael L and Moore, Andrew W},
  journal = {Journal of Artificial Intelligence Research},
  title   = {Reinforcement learning: A survey},
  year    = {1996},
  pages   = {237--285},
  volume  = {4},
}

@Article{Bartels2020,
  author        = {Simon Bartels and Philipp Hennig},
  journal       = {arXiv pre-print},
  title         = {Conjugate Gradients for Kernel Machines},
  year          = {2020},
  archiveprefix = {arXiv},
  eprint        = {1911.06048},
  primaryclass  = {cs.LG},
}

@InCollection{Olsen2012,
  author    = {Olsen, Peder A and Rennie, Steven J and Goel, Vaibhava},
  booktitle = {Recent Advances in Algorithmic Differentiation},
  publisher = {Springer},
  title     = {Efficient automatic differentiation of matrix functions},
  year      = {2012},
  pages     = {71--81},
}
{-1,
,
booktitle	=	"

@TechReport{Seeger2008,
  author      = {Seeger, Matthias},
  institution = {University of California at Berkeley},
  title       = {Low Rank Updates for the {C}holesky Decomposition},
  year        = {2008},
}

@TechReport{Zhu1997,
  author      = {Huaiyu Zhu and Williams, {Christopher K. I.} and Richard Rohwer and Michal Morciniec},
  institution = {Aston University},
  title       = {Gaussian regression and optimal finite dimensional linear models},
  year        = {1997},
  month       = {7},
  publisher   = {Aston University},
}

@Article{Csato2002,
  author    = {Csat{\'o}, Lehel and Opper, Manfred},
  journal   = {Neural computation},
  title     = {Sparse online {G}aussian processes},
  year      = {2002},
  number    = {3},
  pages     = {641--668},
  volume    = {14},
  publisher = {MIT Press},
}

@InProceedings{Snelson2007,
  author    = {Edward Snelson and Zoubin Ghahramani},
  booktitle = {Proceedings of the 11th International Conference on Artificial Intelligence and Statistics (AISTATS)},
  title     = {Local and global sparse {G}aussian process approximations},
  year      = {2007},
}

@InProceedings{Titsias2009,
  author    = {Michalis Titsias},
  booktitle = {Proceedings of the 12th International Conference on Artificial Intelligence and Statistics (AISTATS)},
  title     = {Variational Learning of Inducing Variables in Sparse {G}aussian Processes},
  year      = {2009},
}

@Article{LazaroGredilla2010,
  author  = {L{\'a}zaro-Gredilla, Miguel and Qui{\~n}onero-Candela, Joaquin and Rasmussen, Carl Edward and Figueiras-Vidal, An{\'\i}bal R},
  journal = {Journal of Machine Learning Research},
  title   = {Sparse Spectrum {G}aussian Process Regression},
  year    = {2010},
  pages   = {1865--1881},
  volume  = {11},
}

@InProceedings{Wilson2015,
  author    = {Wilson, Andrew and Nickisch, Hannes},
  booktitle = {Proceedings of the International Conference on Machine Learning (ICML)},
  title     = {Kernel interpolation for scalable structured {G}aussian processes ({KISS}-{GP})},
  year      = {2015},
}

@InProceedings{Hensman2015,
  author    = {Hensman, James and Matthews, Alexander G. de G. and Ghahramani, Zoubin},
  booktitle = {Proceedings of the 18th International Conference on Artificial Intelligence and Statistics (AISTATS)},
  title     = {Scalable Variational {G}aussian Process Classification},
  year      = {2015},
}

@Article{Hensman2017,
  author    = {Hensman, James and Durrande, Nicolas and Solin, Arno},
  journal   = {The Journal of Machine Learning Research},
  title     = {Variational {F}ourier features for {G}aussian processes},
  year      = {2017},
  number    = {1},
  pages     = {5537--5588},
  volume    = {18},
  publisher = {JMLR. org},
}

@InProceedings{Salimbeni2017,
  author    = {Salimbeni, Hugh and Deisenroth, Marc},
  booktitle = {Advances in Neural Information Processing Systems (NeurIPS)},
  title     = {Doubly stochastic variational inference for deep {G}aussian processes},
  year      = {2017},
  pages     = {4588--4599},
}

@InProceedings{Adam2020,
  author    = {Adam, Vincent and Eleftheriadis, Stefanos and Durrande, Nicolas and Artemev, Artem and Hensman, James},
  booktitle = {Proceedings of the 23rd International Conference on Artificial Intelligence and Statistics (AISTATS)},
  title     = {Doubly Sparse Variational {G}aussian Processes},
  year      = {2020},
}

@InProceedings{Damianou2013,
  author    = {Damianou, Andreas and Lawrence, Neil},
  booktitle = {Proceedings of the International Conference on Artificial Intelligence and Statistics (AISTATS)},
  title     = {Deep {G}aussian processes},
  year      = {2013},
  pages     = {207--215},
}

@Book{Bishop2006,
  title     = {Pattern Recognition and Machine Learning (Information Science and Statistics)},
  publisher = {Springer-Verlag},
  author    = {Bishop, Christopher M.},
  year      = {2006},
  location  = {Berlin, Heidelberg},
}

@InProceedings{Stegle2011,
  author    = {Stegle, Oliver and Lippert, Christoph and Mooij, Joris M and Lawrence, Neil D and Borgwardt, Karsten},
  booktitle = {Advances in Neural Information Processing Systems (NeurIPS)},
  title     = {Efficient inference in matrix-variate gaussian models with iid observation noise},
  year      = {2011},
  pages     = {630--638},
}

@Article{Wenger2020,
  author = {Wenger, Jonathan and Hennig, Philipp},
  title  = {Probabilistic Linear Solvers for Machine Learning},
  year   = {2020},
}

@Comment{jabref-meta: databaseType:bibtex;}
